

%book, misc, article, techreport

@online{
CourseSpecification,
	author = {University of Glasgow},
	title = {Theory of Computation (H) Course Specification},
	url = {https://www.gla.ac.uk/coursecatalogue/document?type=sp&courseCode=COMPSCI4072},
	date = {2019},
	urldate = {2019-08-02} }	

@online{
Acar2008,
	author = {Umut Acar, Amal Ahmed},
	title = {Lecture 3: Lambda Calculus (Syntax, Substitution, Beta Reduction)},
	url = {https://ttic.uchicago.edu/~pl/classes/CMSC336-Winter08/lectures/lec3.pdf},
	date = {2018-01-17},
	urldate = {2019-08-01} }

@online{
Barendregt2000,
	author = {Henk Barendregt, Erik Barendsen},
	title = {Introduction to Lambda Calculus},
 	url = {http://www.cse.chalmers.se/research/group/logic/TypesSS05/Extra/geuvers.pdf},
	date = {2000-03},
	urldate = {2019-07-27} }

@book{
Bird2009,
	author = {Steven Bird, Ewan Klein, Edward Loper},
	title = {Natural Languge Processing with Python: Analyzing Text with the Natural Language Toolkit},
	date = {2009},
	publisher = {O'Reilly},
	pages = {291-322} }

@article{
Alonzo1936,
	author = {Alonzo Church, J. B. Rosser},
	title = {Some Properties of Conversion},
	journal = {Transactions of the American Mathematical Society},
	date = {1936},
	pages = {472-482},
	volume = {38},
	issue = {3} }

@misc{
Gay2019,
	author = {Ornela Dardha, Simon Gay},
	title = {The Theory of Computation},
	date = {2019},
	publisher = {University of Glasgow} }

@online{
Everett2019,
	author = {Stacy Everett},
	title = {Arithmetic Grammar},
	url = {https://github.com/antlr/grammars-v4/tree/master/arithmetic},
	date = {2019},
	urldate = {2019-07-28} }

@book{
Hankin2004,
	author = {Chris Hankin},
	title = {An Introduction to Lambda Calculi for Computer Scientists},
	date = {2004},
	publisher = {King's College Publication},
	edition = {2} }

@online{
Horowitz2013,
	author = {Susan B. Horowitz},
	title = {Lambda Calculus (Part 1)},
	url = {http://pages.cs.wisc.edu/~horwitz/CS704-NOTES/1.LAMBDA-CALCULUS.html#normal},
	date = {2013},
	urldate = {2019-08-01} }

@online{
Kamareddine2000,
	author = {Fairouz Kamareddine},
	title = {Reviewing the Classical and the de Bruijn Notation for Î»-calculus and Pure Type Systems},
	url = {https://pdfs.semanticscholar.org/2b65/df6c8c0cc14db2afcacbca0f0423588ec6f0.pdf?},
	date = {2000-10-04},
	urldate = {2019-08-02} }

@online{
Loader1998,
	author = {Ralph Loader},
	title = {Notes on Simply Typed Lambda Calculus},
	url = {http://www.lfcs.inf.ed.ac.uk/reports/98/ECS-LFCS-98-381/ECS-LFCS-98-381.pdf},
	date = {1998-02},
	urldate = {2019-07-28} }

@book{
Terrance2012,
	author = {Terrance Parr},
	title = {The Definitive Antlr4 Reference},
	date = {2012},
	publisher = {The Pragmatic Programmers},
	edition = {1} }









	
	
